% this article started it all
@article{howe2006rise,
	title={The rise of crowdsourcing},
	author={Howe, Jeff},
	journal={Wired magazine},
	volume={14},
	number={6},
	pages={1--4},
	year={2006},
	publisher={Dorsey Press}
}

% a unified, integrated definition of crowdsourcing 
@article{estelles2012towards,
	title={Towards an integrated crowdsourcing definition},
	author={Estell{\'e}s-Arolas, Enrique and Gonz{\'a}lez-Ladr{\'o}n-de-Guevara, Fernando},
	journal={Journal of Information science},
	volume={38},
	number={2},
	pages={189--200},
	year={2012},
	publisher={Sage Publications}
}

% critical considerations, looking beyond the hype
@inproceedings{simula2013rise,
	title={The Rise and Fall of Crowdsourcing?},
	author={Simula, Henri},
	booktitle={System Sciences (HICSS), 2013 46th Hawaii International Conference on},
	pages={2783--2791},
	year={2013},
	organization={IEEE}
}

% extensive classification and overview of crowdsourcing systems

@article{doan2011crowdsourcing,
	title={Crowdsourcing systems on the world-wide web},
	author={Doan, Anhai and Ramakrishnan, Raghu and Halevy, Alon Y},
	journal={Communications of the ACM},
	volume={54},
	number={4},
	pages={86--96},
	year={2011},
	publisher={ACM}
}

% intro to crowdsourcing, case studies, use cases

@article{brabham2008crowdsourcing,
	title={Crowdsourcing as a model for problem solving: An introduction and cases},
	author={Brabham, Daren C},
	journal={Convergence: the international journal of research into new media technologies},
	volume={14},
	number={1},
	pages={75--90},
	year={2008},
	publisher={Sage Publications}
}

@inproceedings{kittur2008crowdsourcing,
	title={Crowdsourcing user studies with Mechanical Turk},
	author={Kittur, Aniket and Chi, Ed H and Suh, Bongwon},
	booktitle={Proceedings of the SIGCHI conference on human factors in computing systems},
	pages={453--456},
	year={2008},
	organization={ACM}
}

@inproceedings{alonso2008crowdsourcing,
	title={Crowdsourcing for relevance evaluation},
	author={Alonso, Omar and Rose, Daniel E and Stewart, Benjamin},
	booktitle={ACM SigIR Forum},
	volume={42},
	pages={9--15},
	year={2008},
	organization={ACM}
}

% crowd composition, motivation

@article{brabham2008moving,
	title={Moving the crowd at iStockphoto: The composition of the crowd and motivations for participation in a crowdsourcing application},
	author={Brabham, Daren C},
	journal={First Monday},
	volume={13},
	number={6},
	year={2008},
	issn = {13960466},
	url = {http://pear.accc.uic.edu/ojs/index.php/fm/article/view/2159}
}

@article{brabham2010moving,
	title={Moving the crowd at Threadless: Motivations for participation in a crowdsourcing application},
	author={Brabham, Daren C},
	journal={Information, Communication \& Society},
	volume={13},
	number={8},
	pages={1122--1145},
	year={2010},
	publisher={Taylor \& Francis}
}

@article{antikainen2010motivating,
	title={Motivating and supporting collaboration in open innovation},
	author={Antikainen, Maria and M{\"a}kip{\"a}{\"a}, Marko and Ahonen, Mikko},
	journal={European Journal of Innovation Management},
	volume={13},
	number={1},
	pages={100--119},
	year={2010},
	publisher={Emerald Group Publishing Limited}
}

@inproceedings{horton2010labor,
	title={The labor economics of paid crowdsourcing},
	author={Horton, John Joseph and Chilton, Lydia B},
	booktitle={Proceedings of the 11th ACM conference on Electronic commerce},
	pages={209--218},
	year={2010},
	organization={ACM}
}

@article{mason2010financial,
	title={Financial incentives and the performance of crowds},
	author={Mason, Winter and Watts, Duncan J},
	journal={ACM SigKDD Explorations Newsletter},
	volume={11},
	number={2},
	pages={100--108},
	year={2010},
	publisher={ACM}
}


% Quality control, workers cheating, reliability control

@inproceedings{redi2013crowdsourcing,
	title={Crowdsourcing-based multimedia subjective evaluations: a case study on image recognizability and aesthetic appeal},
	author={Redi, Judith Alice and Ho{\ss}feld, Tobias and Korshunov, Pavel and Mazza, Filippo and Povoa, Isabel and Keimel, Christian},
	booktitle={Proceedings of the 2nd ACM international workshop on Crowdsourcing for multimedia},
	pages={29--34},
	year={2013},
	organization={ACM}
}

inproceedings{hossfeld2013crowdsourcing,
	title={Crowdsourcing-based multimedia subjective evaluations: a case study on image recognizability and aesthetic appeal},
	author={Hoßfeld, Tobias and Korshunov, Pavel and Redi, Judith and Keimel, Christian and Mazza, Filippo and Povoa, Isabel},
	booktitle={The 2nd International ACM Workshop on Crowdsourcing for Multimedia, CrowdMM13},
	number={EPFL-CONF-188353},
	year={2013}
}

@techreport{hossfeld2013crowdtesting,
	title="{CrowdTesting: A Novel Methodology for Subjective User Studies and QoE Evaluation}",
	author={Hoßfeld, Tobias and M{\"a}der, Andreas and Tutschku, Kurt and Andersen, Frank-Uwe and Kappler, Cornelia and de Meer, Hermann and Dedinski, Ivan and Oberender, Jens},
	number={486},
	institution={University of Würzburg, Institute of Computer Science},
	year={2013},
	month={Febuary}
}
